%  a sample bibliography file
%  

@article{small,
author = {Sims, Karl},
title = {Evolving Virtual Creatures}
}

@article{big,
author = {Cormier, Gabriel},
title = {Syst√®mes Intelligents}
}

%  The authors mentioned here are almost, but not quite,
%  entirely unrelated to Matt Groening.
