
@article{1-evol,
author = {Sonia Chernova, Manuela Veloso},
title = {An Evolutionary Approach To Gait Learning For
Four-Legged Robots},
journal = {xxx},
year = xxx,
volume = {-1},
note = {to appear},
}

@article{2-eigth,
author = {B. L. Luk, S. Galt & S. Galt},
title = {Using genetic algorithms to establish efficient walking gaits for an eight-legged robot},
journal = {International Journal of Systems Science},
year = 2001,
volume = {32:6},
}

@article{3-arms,
author = {Marcos ROA Maximo, Esther L Colombini, and Carlos HC Ribeiro},
title = {Stable and fast model-free walk with arms movement for humanoid robots},
journal = {International Journal of Advanced Robotic Systems},
year = 2017,
volume = {14},
}

@article{6-control,
title = {Robust biped locomotion using deep reinforcement learning on top of an analytical control approach},
journal = {Robotics and Autonomous Systems},
volume = {146},
pages = {103900},
year = {2021},
issn = {0921-8890},
doi = {https://doi.org/10.1016/j.robot.2021.103900},
url = {https://www.sciencedirect.com/science/article/pii/S0921889021001858},
author = {Mohammadreza Kasaei and Miguel Abreu and Nuno Lau and Artur Pereira and Luis Paulo Reis},
}

@article{siggraph,
author = {Karl Sims},
title = {Evolving Virtual Creatures},
journal = {xxx},
year = xxx,
volume = {-1},
note = {to appear},
}

@article{PyGad,
author = {},
title = {PyGad},
journal = {https://github.com/ahmedfgad/GeneticAlgorithmPython},
volume = {},
url = {https://github.com/ahmedfgad/GeneticAlgorithmPython},
}

@article{PyChrono,
author = {},
title = {PyChrono},
journal = {https://api.projectchrono.org/pychrono_introduction.html},
volume = {},
url = {https://api.projectchrono.org/pychrono_introduction.html},
}

@article{1-evol,
author = {Sonia Chernova, Manuela Veloso},
title = {An Evolutionary Approach To Gait Learning For
Four-Legged Robots},
journal = {xxx},
year = xxx,
volume = {-1},
note = {to appear},
}



